
@online{noauthor_searchloinc_nodate,
	title = {{SearchLOINC} Home},
	url = {https://loinc.org/search/},
	abstract = {{LOINC} is the world's most widely used terminology standard for health measurements, observations, and documents. {LOINC} helps make health data more portable and understandable to different computer systems and applications.},
	titleaddon = {{LOINC}},
	langid = {american},
}
