
@misc{barry_becker_adult_1996,
	title = {Adult},
	url = {https://archive.ics.uci.edu/dataset/2},
	doi = {10.24432/C5XW20},
	publisher = {[object Object]},
	author = {Barry Becker, Ronny Kohavi},
	urldate = {2024-04-09},
	date = {1996},
}

@misc{s_moro_bank_2014,
	title = {Bank Marketing},
	url = {https://archive.ics.uci.edu/dataset/222},
	doi = {10.24432/C5K306},
	publisher = {[object Object]},
	author = {S. Moro, P. Rita},
	urldate = {2024-04-09},
	date = {2014},
}
